<?xml version="1.0" encoding="UTF-8"?><collection xmlns="http://www.loc.gov/MARC21/slim"><record><leader>00724nam--2200193-i-4500</leader><controlfield tag="001">000010753</controlfield><controlfield tag="002">20161230</controlfield><controlfield tag="005">20170114230012</controlfield><controlfield tag="008">060222s1000------------r-----000-0-eng-d</controlfield><datafield ind1=" " ind2=" " tag="040"><subfield code="a">IFIN-HH</subfield></datafield><datafield ind1=" " ind2=" " tag="080"><subfield code="a">532(061.3):518.6(061.3)</subfield></datafield><datafield ind1="1" ind2=" " tag="100"><subfield code="a">Cabannes, Henri</subfield></datafield><datafield ind1="1" ind2="0" tag="245"><subfield code="a">Lecture notes in physics. Vol. 19. Proceedings of the Third International Conference on numerical methods in fluids mechanics. Vol. 2: Problems of fluid mechanics. July 3-7, 1972. Universities of Paris VI and XI</subfield><subfield code="c">Henri Cabannes, Roger Temam (rd.)</subfield></datafield><datafield ind1=" " ind2=" " tag="260"><subfield code="a">Berlin</subfield><subfield code="b">Springer-Verlag</subfield><subfield code="c">1973</subfield></datafield><datafield ind1=" " ind2=" " tag="300"><subfield code="a">VII + 166 p</subfield></datafield><datafield ind1=" " ind2=" " tag="490"><subfield code="a">Lecture Notes In Physics, 19</subfield></datafield><datafield ind1="1" ind2=" " tag="700"><subfield code="a">Temam, Roger</subfield><subfield code="e">Ed</subfield></datafield><datafield ind1=" " ind2=" " tag="852"><subfield code="a">33191</subfield><subfield code="c">53</subfield></datafield><datafield ind1=" " ind2=" " tag="CAT"><subfield code="a">SYS</subfield><subfield code="c">20170114</subfield><subfield code="h">230012</subfield></datafield></record></collection>